<record><leader>00000cas a22000007a 4500</leader><controlfield tag="001">9134639</controlfield><controlfield tag="008">830117c19649999ohudn ne      0   a0eng d</controlfield><datafield ind1=" " ind2=" " tag="010"><subfield code="a">sn 83000786 </subfield></datafield><datafield ind1=" " ind2=" " tag="040"><subfield code="a">NSD</subfield><subfield code="b">eng</subfield><subfield code="c">NSD</subfield><subfield code="d">NPY</subfield><subfield code="d">ONP</subfield><subfield code="d">OCLCQ</subfield><subfield code="d">OCLCF</subfield><subfield code="d">OCLCO</subfield></datafield><datafield ind1=" " ind2=" " tag="012"><subfield code="m">1</subfield></datafield><datafield ind1="1" ind2=" " tag="022"><subfield code="a">0745-4023</subfield><subfield code="l">0745-4023</subfield><subfield code="2">1</subfield></datafield><datafield ind1="1" ind2=" " tag="029"><subfield code="a">AU@</subfield><subfield code="b">000025803793</subfield></datafield><datafield ind1=" " ind2=" " tag="032"><subfield code="a">398220</subfield><subfield code="b">USPS</subfield></datafield><datafield ind1=" " ind2=" " tag="042"><subfield code="a">nsdp</subfield></datafield><datafield ind1="0" ind2=" " tag="130"><subfield code="a">Norwalk reflector (Norwalk, Ohio : 1964)</subfield></datafield><datafield ind1=" " ind2="0" tag="222"><subfield code="a">Norwalk reflector</subfield></datafield><datafield ind1="0" ind2="0" tag="245"><subfield code="a">Norwalk reflector.</subfield></datafield><datafield ind1=" " ind2=" " tag="260"><subfield code="a">Norwalk, Ohio :</subfield><subfield code="b">[Reflector-Herald],</subfield><subfield code="c">1964-</subfield></datafield><datafield ind1=" " ind2=" " tag="300"><subfield code="a">v.</subfield></datafield><datafield ind1=" " ind2=" " tag="310"><subfield code="a">Daily (except Sun. &amp; holidays)</subfield></datafield><datafield ind1="0" ind2=" " tag="362"><subfield code="a">135th year, no. 131 (June 5, 1964)-</subfield></datafield><datafield ind1=" " ind2=" " tag="515"><subfield code="a">June 5, 1964 and June 6, 1964 misnumbered 131.</subfield></datafield><datafield ind1=" " ind2="0" tag="651"><subfield code="a">Norwalk (Ohio)</subfield><subfield code="v">Newspapers.</subfield></datafield><datafield ind1=" " ind2="0" tag="651"><subfield code="a">Huron (Ohio)</subfield><subfield code="v">Newspapers.</subfield></datafield><datafield ind1=" " ind2="7" tag="655"><subfield code="a">Newspapers.</subfield><subfield code="2">fast</subfield><subfield code="0">(OCoLC)fst01423814</subfield></datafield><datafield ind1=" " ind2="7" tag="651"><subfield code="a">Ohio</subfield><subfield code="z">Huron.</subfield><subfield code="2">fast</subfield><subfield code="0">(OCoLC)fst01232643</subfield></datafield><datafield ind1=" " ind2="7" tag="651"><subfield code="a">Ohio</subfield><subfield code="z">Norwalk.</subfield><subfield code="2">fast</subfield><subfield code="0">(OCoLC)fst01222900</subfield></datafield><datafield ind1=" " ind2=" " tag="752"><subfield code="a">United States</subfield><subfield code="b">Ohio</subfield><subfield code="c">Huron</subfield><subfield code="d">Norwalk.</subfield></datafield><datafield ind1="0" ind2="0" tag="780"><subfield code="t">Norwalk reflector-herald (Norwalk, Ohio : 1963)</subfield><subfield code="w">(DLC)sn 87076689</subfield></datafield></record>